@comment{x-kbibtex-personnameformatting=<%l><, %f>}

@article{honig95,
	author = "Honig, Barry and Nicholls, Anthony",
	journal = "Science",
	number = "5214",
	pages = "1144--1149",
	title = "{Classical electrostatics in biology and chemistry}",
	volume = "268",
	year = "1995"
}

@article{stumpe2011,
	author = "Stumpe, Martin C. and Blinov, Nikolay and Wishart, David and Kovalenko, Andriy and Pande, Vijay S.",
	journal = "J. Phys. Chem. B",
	number = "2",
	pages = "319--328",
	title = "{Calculation of Local Water Densities in Biological Systems: A Comparison of Molecular Dynamics Simulations and the 3D-RISM-KH Molecular Theory of Solvation}",
	volume = "115",
	year = "2011"
}

@article{zemla2001casp4,
	author = "Zemla, Adam and Venclovas, \v{C}eslovas and Moult, John and Fidelis, Krzysztof",
	doi = "10.1002/prot.10052",
	issn = "1097-0134",
	journal = "Proteins",
	keywords = "protein structure prediction; evaluation methods; CASP4",
	number = "S5",
	pages = "13--21",
	publisher = "Wiley Subscription Services, Inc., A Wiley Company",
	title = "{Processing and evaluation of predictions in CASP4}",
	url = "http://dx.doi.org/10.1002/prot.10052",
	volume = "45",
	year = "2001"
}

@article{koes2013smina,
	author = "Koes, D. R. and Baumgartner, M. P. and Camacho, C. J.",
	journal = "J. Chem. Inf. Model.",
	number = "8",
	pages = "1893--1904",
	title = "{Lessons learned in empirical scoring with Smina from the CSAR 2011 benchmarking exercise}",
	volume = "53",
	year = "2013"
}

@article{trott2009vina,
	author = "Trott, Oleg and Olson, Arthur J.",
	doi = "10.1002/jcc.21334",
	issn = "1096-987X",
	journal = "J. Comput. Chem.",
	keywords = "AutoDock; molecular docking; virtual screening; computer-aided drug design; multithreading; scoring function",
	number = "2",
	pages = "455--461",
	publisher = "Wiley Subscription Services, Inc., A Wiley Company",
	title = "{AutoDock Vina: Improving the speed and accuracy of docking with a new scoring function, efficient optimization, and multithreading}",
	url = "http://dx.doi.org/10.1002/jcc.21334",
	volume = "31",
	year = "2010"
}

@article{wallach2015atomnet,
	author = "Wallach, Izhar and Dzamba, Michael and Heifets, Abraham",
	journal = "arXiv:1510.02855",
	title = "{AtomNet: {A} Deep Convolutional Neural Network for Bioactivity Prediction in Structure-based Drug Discovery}",
	url = "http://arxiv.org/abs/1510.02855",
	year = "2015"
}

@article{torng2017,
	author = "Torng, Wen and Altman, Russ B.",
	doi = "10.1186/s12859-017-1702-0",
	journal = "BMC Bioinformatics",
	pages = "302",
	title = "{3D deep convolutional neural networks for amino acid environment similarity analysis}",
	url = "http://dx.doi.org/10.1186/s12859-017-1702-0",
	volume = "18",
	year = "2017"
}

@article{jimenez2017deepsite,
	author = "Jim{\'e}nez, J and Doerr, S and Mart{\'i}nez-Rosell, G and Rose, AS and {De Fabritiis}, G",
	doi = "10.1093/bioinformatics/btx350",
	journal = "Bioinformatics",
	title = "{DeepSite: Protein binding site predictor using 3D-convolutional neural networks}",
	year = "2017"
}

@article{ragoza2017protein,
	author = "Ragoza, Matthew and Hochuli, Joshua and Idrobo, Elisa and Sunseri, Jocelyn and Koes, David Ryan",
	journal = "J. Chem. Inf. Model",
	number = "4",
	pages = "942--957",
	publisher = "ACS Publications",
	title = "{Protein--Ligand Scoring with Convolutional Neural Networks}",
	volume = "57",
	year = "2017"
}

@article{dill2012folding,
	author = "Dill, Ken A and MacCallum, Justin L.",
	journal = "Science",
	number = "6110",
	pages = "1042--1046",
	title = "{The Protein-Folding Problem, 50 Years On}",
	volume = "338",
	year = "2012"
}

@article{nguyen2014dlpro,
	author = "Nguyen, Son P and Shang, Yi and Xu, Dong",
	journal = "2014 International Joint Conference on Neural Networks (IJCNN)",
	month = "July",
	title = "{DL-PRO: A Novel Deep Learning Method for Protein Model Quality Assessment}",
	url = "http://dx.doi.org/10.1109/IJCNN.2014.6889891",
	year = "2014"
}

@article{cao2016deepqa,
	author = "Cao, Renzhi and Bhattacharya, Debswapna and Hou, Jie and Cheng, Jianlin",
	journal = "BMC Bioinformatics",
	pages = "495",
	title = "{DeepQA: Improving the estimation of single protein model quality with deep belief networks}",
	url = "http://dx.doi.org/10.1186/s12859-016-1405-y",
	volume = "17",
	year = "2016"
}

@article{ray2012proq2,
	author = "Ray, Arjun and Lindahl, Erik and Wallner, Bj{\"o}rn",
	doi = "10.1186/1471-2105-13-224",
	journal = "BMC Bioinformatics",
	pages = "224",
	title = "{Improved model quality assessment using ProQ2}",
	url = "http://dx.doi.org/10.1186/1471-2105-13-224",
	volume = "13",
	year = "2012"
}

@article{uziela2016proq3,
	author = "Uziela, Karolis and Shu, Nanjiang and Wallner, Bj{\"o}rn and Elofsson, Arne",
	journal = "Sci. Rep.",
	pages = "33509",
	publisher = "Nature Publishing Group",
	title = "{ProQ3: Improved model quality assessments using Rosetta energy terms}",
	volume = "6",
	year = "2016"
}

@article{leaverfay2011rosetta,
	author = "Leaver-Fay, Andrew and Tyka, Michael and Lewis, Steven M. and Lange, Oliver F. and Thompson, James and Jacak, Ron and Kaufman, Kristian W. and Renfrew, P. Douglas and Smith, Colin A. and Sheffler, Will and Davis, Ian W. and Cooper, Seth and Treuille, Adrien and Mandell, Daniel J. and Richter, Florian and Ban, Yih-En Andrew and Fleishman, Sarel J. and Corn, Jacob E. and Kim, David E. and Lyskov, Sergey and Berrondo, Monica and Mentzer, Stuart and Popovi{\'c}, Zoran and Havranek, James J. and Karanicolas, John and Das, Rhiju and Meiler, Jens and Kortemme, Tanja and Gray, Jeffrey J. and Kuhlman, Brian and Baker, David and Bradley, Philip",
	doi = "10.1016/B978-0-12-381270-4.00019-6",
	issn = "0076-6879",
	journal = "Methods Enzymol.",
	number = "",
	pages = "545--574",
	title = "{Rosetta3: An Object-Oriented Software Suite for the Simulation and Design of Macromolecules}",
	url = "http://www.sciencedirect.com/science/article/pii/B9780123812704000196",
	volume = "487",
	year = "2011"
}

@article{uziela2017proq3d,
	author = "Uziela, Karolis and {Men{\'e}ndez Hurtado}, David and Shu, Nanjiang and Wallner, Bj{\"o}rn and Elofsson, Arne",
	doi = "10.1093/bioinformatics/btw819",
	eprint = "/oup/backfile/content\_public/journal/bioinformatics/33/10/10.1093\_bioinformatics\_btw819/2/btw819.pdf",
	journal = "Bioinformatics",
	number = "10",
	pages = "1578--1580",
	title = "{ProQ3D: improved model quality assessments using deep learning}",
	url = "http://dx.doi.org/10.1093/bioinformatics/btw819",
	volume = "33",
	year = "2017"
}

@article{elofsson2017qacasp12,
	author = "Elofsson, Arne and Joo, Keehyoung and Keasar, Chen and Lee, Jooyoung and Maghrabi, Ali H. A. and Manavalan, Balachandran and McGuffin, Liam and {Menendez Hurtado}, David and Mirabello, Claudio and Pilstal, Robert and Sidi, Tomer and Uziela, Karolis and Wallner, Bjorn",
	doi = "10.1101/143925",
	eprint = "http://biorxiv.org/content/early/2017/05/30/143925.full.pdf",
	journal = "bioRxiv:143925",
	publisher = "Cold Spring Harbor Labs Journals",
	title = "{Methods For Estimation Of Model Accuracy In CASP12}",
	url = "http://biorxiv.org/content/early/2017/05/30/143925",
	year = "2017"
}

@article{kryshtafovych2015,
	author = "Kryshtafovych, Andriy and Barbato, Alessandro and Monastyrskyy, Bohdan and Fidelis, Krzysztof and Schwede, Torsten and Tramontano, Anna",
	doi = "10.1002/prot.24919",
	issn = "1097-0134",
	journal = "Proteins",
	keywords = "CASP; EMA; QA; estimation of model accuracy; model quality assessment; protein structure modeling; protein structure prediction",
	pages = "349--369",
	title = "{Methods of model accuracy estimation can help selecting the best models from decoy sets: Assessment of model accuracy estimations in CASP11}",
	url = "http://dx.doi.org/10.1002/prot.24919",
	volume = "84",
	year = "2016"
}

@article{deng20163drobot,
	author = "Deng, Haiyou and Jia, Ya and Zhang, Yang",
	journal = "Bioinformatics",
	number = "3",
	pages = "378--387",
	publisher = "Oxford Univ Press",
	title = "{3DRobot: automated generation of diverse and well-packed protein structure decoys}",
	volume = "32",
	year = "2016"
}

@article{zhou2015predicting,
	author = "Zhou, Jian and Troyanskaya, Olga G",
	journal = "Nat. Methods",
	number = "10",
	pages = "931--934",
	publisher = "Nature Publishing Group",
	title = "{Predicting effects of noncoding variants with deep learning-based sequence model}",
	volume = "12",
	year = "2015"
}

@article{alipanahi2015predicting,
	author = "Alipanahi, Babak and Delong, Andrew and Weirauch, Matthew T and Frey, Brendan J",
	journal = "Nat. Biotechnol.",
	pages = "831--838",
	publisher = "Nature Publishing Group",
	title = "{Predicting the sequence specificities of DNA-and RNA-binding proteins by deep learning}",
	volume = "33",
	year = "2015"
}

@article{xiong2015human,
	author = "Xiong, Hui Y and Alipanahi, Babak and Lee, Leo J and Bretschneider, Hannes and Merico, Daniele and Yuen, Ryan KC and Hua, Yimin and Gueroussov, Serge and Najafabadi, Hamed S and Hughes, Timothy R and Morris, Quaid and Barash, Yoseph and Krainer, Adrian R. and Jojic, Nebojsa and Scherer, Stephen W. and Blencowe, Benjamin J. and Frey, Brendan J.",
	journal = "Science",
	number = "6218",
	pages = "1254806",
	publisher = "American Association for the Advancement of Science",
	title = "{The human splicing code reveals new insights into the genetic determinants of disease}",
	volume = "347",
	year = "2015"
}

@article{lecun2015deep,
	author = "LeCun, Yann and Bengio, Yoshua and Hinton, Geoffrey",
	journal = "Nature",
	number = "7553",
	pages = "436--444",
	publisher = "Nature Publishing Group",
	title = "{Deep learning}",
	volume = "521",
	year = "2015"
}

@article{moult1995large,
	author = "Moult, John and Pedersen, Jan T and Judson, Richard and Fidelis, Krzysztof",
	journal = "Proteins",
	number = "3",
	pages = "ii--v",
	publisher = "Wiley Online Library",
	title = "{A large-scale experiment to assess protein structure prediction methods}",
	volume = "23",
	year = "1995"
}

@article{finn2016pfam,
	author = "Finn, Robert D and Coggill, Penelope and Eberhardt, Ruth Y and Eddy, Sean R and Mistry, Jaina and Mitchell, Alex L and Potter, Simon C and Punta, Marco and Qureshi, Matloob and Sangrador-Vegas, Amaia and others",
	journal = "Nucleic Acids Res.",
	number = "D1",
	pages = "D279--D285",
	publisher = "Oxford Univ Press",
	title = "{The Pfam protein families database: towards a more sustainable future}",
	volume = "44",
	year = "2016"
}

@article{cheng2014ecod,
	author = "Cheng, Hua and Schaeffer, R Dustin and Liao, Yuxing and Kinch, Lisa N and Pei, Jimin and Shi, Shuoyong and Kim, Bong-Hyun and Grishin, Nick V",
	journal = "PLoS Comput. Biol.",
	number = "12",
	pages = "e1003926",
	publisher = "Public Library of Science",
	title = "{ECOD: An evolutionary classification of protein domains}",
	volume = "10",
	year = "2014"
}

@article{krivov2009improved,
	author = "Krivov, Georgii G and Shapovalov, Maxim V and Dunbrack, Roland L",
	journal = "Proteins",
	number = "4",
	pages = "778--795",
	publisher = "Wiley Online Library",
	title = "{Improved prediction of protein side-chain conformations with SCWRL4}",
	volume = "77",
	year = "2009"
}

@article{altschul1990basic,
	author = "Altschul, Stephen F and Gish, Warren and Miller, Webb and Myers, Eugene W and Lipman, David J",
	journal = "J. Mol. Biol.",
	number = "3",
	pages = "403--410",
	publisher = "Elsevier",
	title = "{Basic local alignment search tool}",
	volume = "215",
	year = "1990"
}

@article{berman2000protein,
	author = "Berman, Helen M and Westbrook, John and Feng, Zukang and Gilliland, Gary and Bhat, Talapady N and Weissig, Helge and Shindyalov, Ilya N and Bourne, Philip E",
	journal = "Nucleic Acids Res.",
	number = "1",
	pages = "235--242",
	publisher = "Oxford Univ Press",
	title = "{The protein data bank}",
	volume = "28",
	year = "2000"
}

@article{moult2014critical,
	author = "Moult, John and Fidelis, Krzysztof and Kryshtafovych, Andriy and Schwede, Torsten and Tramontano, Anna",
	journal = "Proteins",
	number = "S2",
	pages = "1--6",
	publisher = "Wiley Online Library",
	title = "{Critical assessment of methods of protein structure prediction (CASP)---round x}",
	volume = "82",
	year = "2014"
}

@article{lecun1989backpropagation,
	author = "LeCun, Yann and Boser, Bernhard and Denker, John S and Henderson, Donnie and Howard, Richard E and Hubbard, Wayne and Jackel, Lawrence D",
	journal = "Neural Comput.",
	number = "4",
	pages = "541--551",
	publisher = "MIT Press",
	title = "{Backpropagation applied to handwritten zip code recognition}",
	volume = "1",
	year = "1989"
}

@article{ioffe2015batch,
	author = "Ioffe, Sergey and Szegedy, Christian",
	journal = "arXiv:1502.03167",
	title = "{Batch normalization: Accelerating deep network training by reducing internal covariate shift}",
	year = "2015"
}

@inproceedings{krizhevsky2012imagenet,
	author = "Krizhevsky, Alex and Sutskever, Ilya and Hinton, Geoffrey E",
	booktitle = "{Advances in neural information processing systems}",
	pages = "1097--1105",
	title = "{ImageNet classification with deep convolutional neural networks}",
	year = "2012"
}

@article{huang2006iterative,
	author = "Huang, Sheng-You and Zou, Xiaoqin",
	journal = "J. Comput. Chem.",
	number = "15",
	pages = "1866--1875",
	publisher = "Wiley Online Library",
	title = "{An iterative knowledge-based scoring function to predict protein--ligand interactions: I. Derivation of interaction potentials}",
	volume = "27",
	year = "2006"
}

@article{huang2008iterative,
	author = "Huang, Sheng-You and Zou, Xiaoqin",
	journal = "Proteins",
	number = "2",
	pages = "557--579",
	publisher = "Wiley Online Library",
	title = "{An iterative knowledge-based scoring function for protein--protein recognition}",
	volume = "72",
	year = "2008"
}

@article{wang2006automatic,
	author = "Wang, Junmei and Wang, Wei and Kollman, Peter A and Case, David A",
	journal = "J. Mol. Graph. Model.",
	number = "2",
	pages = "247--260",
	publisher = "Elsevier",
	title = "{Automatic atom type and bond type perception in molecular mechanical calculations}",
	volume = "25",
	year = "2006"
}

@article{selvaraju2016grad,
	author = "Selvaraju, Ramprasaath R and Cogswell, Michael and Das, Abhishek and Vedantam, Ramakrishna and Parikh, Devi and Batra, Dhruv",
	journal = "arXiv:1610.02391",
	title = "{Grad-CAM: Visual Explanations from Deep Networks via Gradient-based Localization}",
	year = "2016"
}

@article{olechnovivc2017voromqa,
	author = "Olechnovi\v{c}, Kliment and Venclovas, \v{C}eslovas",
	journal = "Proteins",
	number = "6",
	pages = "1131--1145",
	publisher = "Wiley Online Library",
	title = "{VoroMQA: Assessment of protein structure quality using interatomic contact areas}",
	volume = "85",
	year = "2017"
}

@article{cao2016protein,
	author = "Cao, Renzhi and Cheng, Jianlin",
	journal = "Sci. Rep.",
	pages = "23990",
	publisher = "Nature Publishing Group",
	title = "{Protein single-model quality assessment by feature-based probability density functions}",
	volume = "6",
	year = "2016"
}

@article{zhang2010novel,
	author = "Zhang, Jian and Zhang, Yang",
	journal = "PloS One",
	number = "10",
	pages = "e15386",
	publisher = "Public Library of Science",
	title = "{A novel side-chain orientation dependent potential derived from random-walk reference state for protein fold selection and structure prediction}",
	volume = "5",
	year = "2010"
}

@article{hinton2006fast,
	author = "Hinton, Geoffrey E and Osindero, Simon and Teh, Yee-Whye",
	journal = "Neural Comput.",
	number = "7",
	pages = "1527--1554",
	publisher = "MIT Press",
	title = "{A fast learning algorithm for deep belief nets}",
	volume = "18",
	year = "2006"
}

@article{hinton2006reducing,
	author = "Hinton, Geoffrey E and Salakhutdinov, Ruslan R",
	journal = "Science",
	number = "5786",
	pages = "504--507",
	publisher = "American Association for the Advancement of Science",
	title = "{Reducing the dimensionality of data with neural networks}",
	volume = "313",
	year = "2006"
}

@unpublished{PyMOL,
	annote = "PyMOL The PyMOL Molecular Graphics System, Version 1.8, Schr{\"o}dinger, LLC.",
	author = "{Schr{\"o}dinger, LLC}",
	date-added = "2010-08-19 17:29:55 -0400",
	date-modified = "2015-12-22 18:04:08 -0400",
	month = "November",
	title = "{The {PyMOL} Molecular Graphics System, Version~1.8}",
	year = "2015"
}

@article{gong2013deep,
	author = "Gong, Yunchao and Jia, Yangqing and Leung, Thomas and Toshev, Alexander and Ioffe, Sergey",
	journal = "arXiv:1312.4894",
	title = "{Deep convolutional ranking for multilabel image annotation}",
	year = "2013"
}

@article{jing2016sorting,
	author = "Jing, Xiaoyang and Wang, Kai and Lu, Ruqian and Dong, Qiwen",
	journal = "Sci. Rep.",
	pages = "31571",
	publisher = "Nature Publishing Group",
	title = "{Sorting protein decoys by machine-learning-to-rank}",
	volume = "6",
	year = "2016"
}

@inproceedings{shoemake1992uniform,
	author = "Shoemake, Ken",
	booktitle = "{Graphics Gems III}",
	organization = "Academic Press Professional, Inc.",
	pages = "124--132",
	title = "{Uniform random rotations}",
	year = "1992"
}

@article{kingma2014adam,
	author = "Kingma, Diederik and Ba, Jimmy",
	journal = "arXiv:1412.6980",
	title = "{Adam: A method for stochastic optimization}",
	year = "2014"
}

@article{worrall2016harmonic,
	author = "Worrall, Daniel E and Garbin, Stephan J and Turmukhambetov, Daniyar and Brostow, Gabriel J",
	journal = "arXiv:1612.04642",
	title = "{Harmonic Networks: Deep Translation and Rotation Equivariance}",
	year = "2016"
}

@article{bau2017network,
	author = "Bau, David and Zhou, Bolei and Khosla, Aditya and Oliva, Aude and Torralba, Antonio",
	journal = "arXiv:1704.05796",
	title = "{Network Dissection: Quantifying Interpretability of Deep Visual Representations}",
	year = "2017"
}

@article{finn2015hmmer,
	author = "Finn, Robert D and Clements, Jody and Arndt, William and Miller, Benjamin L and Wheeler, Travis J and Schreiber, Fabian and Bateman, Alex and Eddy, Sean R",
	journal = "Nucleic Acids Res.",
	number = "W1",
	pages = "W30--W38",
	publisher = "Oxford University Press",
	title = "{HMMER web server: 2015 update}",
	volume = "43",
	year = "2015"
}

@article{schutt2017moleculenet,
	author = "Sch{\"u}tt, Kristof T and Kindermans, Pieter-Jan and Sauceda, Huziel E and Chmiela, Stefan and Tkatchenko, Alexandre and M{\"u}ller, Klaus-Robert",
	journal = "arXiv:1706.08566",
	title = "{MolecuLeNet: A continuous-filter convolutional neural network for modeling quantum interactions}",
	year = "2017"
}

@article{schutt2017quantum,
	author = "Sch{\"u}tt, Kristof T and Arbabzadah, Farhad and Chmiela, Stefan and M{\"u}ller, Klaus R and Tkatchenko, Alexandre",
	journal = "Nat. Commun.",
	pages = "13890",
	publisher = "Nature Publishing Group",
	title = "{Quantum-chemical insights from deep tensor neural networks}",
	volume = "8",
	year = "2017"
}

@article{smith2017ani1,
	author = "Smith, J S and Isayev, O and Roitberg, A E",
	journal = "Chem. Sci.",
	pages = "3192--3203",
	title = "{ANI-1: an extensible neural network potential with DFT accuracy at force field computational cost}",
	volume = "8",
	year = "2017"
}

@article{kingma2014adam,
	author = "Kingma, Diederik and Ba, Jimmy",
	journal = "arXiv:1412.6980",
	title = "{Adam: A method for stochastic optimization}",
	year = "2014"
}

@inproceedings{joachims2002optimizing,
	author = "Joachims, Thorsten",
	booktitle = "{Proceedings of the eighth ACM SIGKDD international conference on Knowledge discovery and data mining}",
	organization = "Association for Computing Machinery",
	pages = "133--142",
	title = "{Optimizing search engines using clickthrough data}",
	year = "2002"
}

@article{shen2006statistical,
	author = "Shen, Min-yi and Sali, Andrej",
	journal = "Protein Sci.",
	number = "11",
	pages = "2507--2524",
	publisher = "Wiley Online Library",
	title = "{Statistical potential for assessment and prediction of protein structures}",
	volume = "15",
	year = "2006"
}

@article{zhou2002distance,
	author = "Zhou, Hongyi and Zhou, Yaoqi",
	journal = "Protein Sci.",
	number = "11",
	pages = "2714--2726",
	publisher = "Wiley Online Library",
	title = "{Distance-scaled, finite ideal-gas reference state improves structure-derived potentials of mean force for structure selection and stability prediction}",
	volume = "11",
	year = "2002"
}

@article{yang2015tasser,
	author = "Yang, Jianyi and Yan, Renxiang and Roy, Ambrish and Xu, Dong and Poisson, Jonathan and Zhang, Yang",
	journal = "Nat. Methods",
	number = "1",
	pages = "7--8",
	publisher = "Nature Research",
	title = "{The I-TASSER Suite: protein structure and function prediction}",
	volume = "12",
	year = "2015"
}

@inproceedings{bengio1990neural,
	author = "Bengio, Yoshua and Bengio, Samy and Pouliot, Yannick and Agin, Patrick",
	booktitle = "{Advances in Neural Information Processing Systems}",
	pages = "423--430",
	title = "{A neural network to detect homologies in proteins}",
	year = "1990"
}

