@comment{x-kbibtex-personnameformatting=<%l><, %f>}

@article{deng20163drobot,
	author = "Deng, Haiyou and Jia, Ya and Zhang, Yang",
	journal = "Bioinformatics",
	number = "3",
	pages = "378--387",
	publisher = "Oxford Univ Press",
	title = "3DRobot: automated generation of diverse and well-packed protein structure decoys",
	volume = "32",
	year = "2016"
}

@article{zhou2015predicting,
	author = "Zhou, Jian and Troyanskaya, Olga G",
	journal = "Nature methods",
	number = "10",
	pages = "931--934",
	publisher = "Nature Publishing Group",
	title = "Predicting effects of noncoding variants with deep learning-based sequence model",
	volume = "12",
	year = "2015"
}

@article{alipanahi2015predicting,
	author = "Alipanahi, Babak and Delong, Andrew and Weirauch, Matthew T and Frey, Brendan J",
	journal = "Nature biotechnology",
	publisher = "Nature Publishing Group",
	title = "Predicting the sequence specificities of DNA-and RNA-binding proteins by deep learning",
	year = "2015"
}

@article{xiong2015human,
	author = "Xiong, Hui Y and Alipanahi, Babak and Lee, Leo J and Bretschneider, Hannes and Merico, Daniele and Yuen, Ryan KC and Hua, Yimin and Gueroussov, Serge and Najafabadi, Hamed S and Hughes, Timothy R and others",
	journal = "Science",
	number = "6218",
	pages = "1254806",
	publisher = "American Association for the Advancement of Science",
	title = "The human splicing code reveals new insights into the genetic determinants of disease",
	volume = "347",
	year = "2015"
}

@article{lecun2015deep,
	author = "LeCun, Yann and Bengio, Yoshua and Hinton, Geoffrey",
	journal = "Nature",
	number = "7553",
	pages = "436--444",
	publisher = "Nature Publishing Group",
	title = "Deep learning",
	volume = "521",
	year = "2015"
}

